% Encoding: UTF-8
@article{g-atpwog-2006,
 author = {D.~Grace of Florence.},
 title = {All Theories Proven With One Graph.},
 journal = {The Journal of Irreproducible Results},
 issue_date = {November 2006},
 volume = 5,
 number = 1,
 year = 2006,
 address = {California, USA}
}

@Comment{jabref-meta: databaseType:bibtex;}
